<record><leader>00000cas a22000007a 4500</leader><controlfield tag="001">11390935</controlfield><controlfield tag="008">841115d18931901mtuwr ne      0    0eng d</controlfield><datafield ind1=" " ind2=" " tag="010"><subfield code="a">sn 84036245 </subfield></datafield><datafield ind1=" " ind2=" " tag="040"><subfield code="a">MTL</subfield><subfield code="b">eng</subfield><subfield code="c">MTL</subfield><subfield code="d">OCLCQ</subfield></datafield><datafield ind1=" " ind2=" " tag="042"><subfield code="a">msc</subfield></datafield><datafield ind1="0" ind2="4" tag="245"><subfield code="a">The Citizens call.</subfield></datafield><datafield ind1=" " ind2=" " tag="260"><subfield code="a">Philipsburg, Mont. :</subfield><subfield code="b">L.R. Hoss,</subfield><subfield code="c">-1901.</subfield></datafield><datafield ind1=" " ind2=" " tag="300"><subfield code="a">8 v. :</subfield><subfield code="b">ill.</subfield></datafield><datafield ind1=" " ind2=" " tag="310"><subfield code="a">Weekly</subfield></datafield><datafield ind1="0" ind2=" " tag="362"><subfield code="a">-v. 8, no. 25 (Sept. 4, 1901).</subfield></datafield><datafield ind1="1" ind2=" " tag="362"><subfield code="a">Began Mar. 1, 1893.</subfield><subfield code="z">Cf. Gregory, W. Amer. newspapers.</subfield></datafield><datafield ind1=" " ind2=" " tag="500"><subfield code="a">"The county official printers," 1894-1899.</subfield></datafield><datafield ind1=" " ind2=" " tag="588"><subfield code="a">Description based on: Vol. 1, no. 15 (June 14, 1893).</subfield></datafield><datafield ind1=" " ind2=" " tag="752"><subfield code="a">United States</subfield><subfield code="b">Montana</subfield><subfield code="c">Granite</subfield><subfield code="d">Philipsburg.</subfield></datafield><datafield ind1="0" ind2="0" tag="785"><subfield code="t">Philipsburg call</subfield><subfield code="w">(DLC)sn 84036246</subfield></datafield></record>